@ARTICLE{jindal2016gpusial,
  title={Exploiting GPUs with the Super Instruction Architecture},
  author={Nakul Jindal and Victor Lotrich and Erik Deumens and Beverly A. Sanders},
  journal={International Journal of Parallel Programming},
  volume={44},
  number={2},
  pages={309-324},
  adsurl = {https://rd.springer.com/article/10.1007/s10766-014-0319-4?no-access=true},
  doi={10.1007/s10766-014-0319-4},
  year={2016},
  publisher={Springer}
}